% Encoding: ISO8859_1

@MISC{decreto-15-09-11,
        author = {Brasil},
        title = {Decreto de 15 de setembro de 2011},
        howpublished = {\url{http://www.planalto.gov.br/ccivil_03/_Ato2011-2014/2011/Dsn/Dsn13117.htm}},
        timestamp = {2012.04.10}
}

@MISC{Lei8429,
        author = {Brasil},
        title = {Lei número 8.429},
        howpublished = {\url{http://www.planalto.gov.br/ccivil_03/leis/l8429.htm}},
        timestamp = {2012.04.10}
}

@MISC{Lei8313,
        author = {Brasil},
        title = {Lei número 8.313},
        howpublished = {\url{http://www.cultura.gov.br/site/wp-content/uploads/2008/04/lei-8313-de-1991-atualizada.pdf}},
        timestamp = {2012.11.10}
}

@ONLINE{iris,
        author = {UCI},
        title = {Iris Data Set},
        month = nov,
        year = {2012},
        url = {http://archive.ics.uci.edu/ml/datasets/Iris}
}

@ONLINE{google-dm,
        author = {Google},
        title = {Research at Google},
        month = nov,
        year = {2012},
        url = {http://research.google.com/pubs/DataMining.html}
}


@ONLINE{www.lbo,
        author = {LGPL Free Software},
        title = {LibreOffice},
        month = aug,
        year = {2012},
        url = {http://www.libreoffice.org/}
}

@ONLINE{abong,
        author = {ABONG - Associação Brasileira de Organizações Não Governamentais},
        title = {Incentivos Fiscais para Doações},
        month = nov,
        year = {2012},
        url = {http://abong.org.br/ongs.php?id=859}
}

@ONLINE{idis,
        author = {IDIS - Instituto para o Desenvolvimento do Investimento Social},
        title = {Leis de Incentivos Fiscais},
        month = nov,
        year = {2012},
        url = {http://www.idis.org.br/biblioteca/leis-e-principios/leis-de-incentivo-fiscal/}
}


@ONLINE{www.schemaspy,
        author = {John Currier},
        title = {SchemaSpy},
        month = aug,
        year = {2012},
        url = {http://schemaspy.sourceforge.net/}
}

@ONLINE{www.tse,
        author = {TSE},
        title = {Portal Eletrônico do Tribunal Superior Eleitoral},
        month = aug,
        year = {2012},
        url = {http://www.tse.jus.br/}
}

@ONLINE{www.ibge,
        author = {IBGE},
        title = {Arquivos do IBGE},
        month = aug,
        year = {2012},
        url = {ftp://geoftp.ibge.gov.br/}
}


@ONLINE{www.datasus,
        author = {SUS},
        title = {DATASUS},
        month = aug,
        year = {2012},
        url = {http://www2.datasus.gov.br/DATASUS/index.php?area=01}
}

@ONLINE{www.tse-rep,
        author = {TSE},
        title = {Repositório de Dados Eleitorais},
        month = aug,
        year = {2012},
        url = {http://www.tse.jus.br/eleicoes/repositorio-de-dados-eleitorais}
}

@ONLINE{www.csv,
        author = {Wikipedia},
        title = {Comma-separated values},
        month = aug,
        year = {2012},
        url = {http://en.wikipedia.org/wiki/Comma-separated_values}
}

@ARTICLE{boccaletti06,
        author = {Boccaletti, S. and Latora, V. and Moreno, Y. and Chavez, M. and Hwang,
                D-U.},
        title = {Complex Networks : Structure and Dynamics},
        journal = {Phys. Rep.},
        year = {2006},
        volume = {424},
        pages = {175-308},
        number = {4-5},
        month = {Fervier},
        added-at = {2007-10-09T12:39:42.000+0200},
        biburl = {http://www.bibsonomy.org/bibtex/2fcf7aa9b1e1f9304a99564633daece2b/vittorio.loreto},
        interhash = {602c3388b2bf4e9b726e94cecd3e9a12},
        intrahash = {fcf7aa9b1e1f9304a99564633daece2b},
        keywords = {2006 RMP_CFL boccaletti chavez complex dynamics hwang latora moreno
                networks structure},
        owner = {fatore},
        timestamp = {2007-10-09T12:39:42.000+0200}
}


@MISC{lei-12527,
        author = {Brasil},
        title = {Lei de Acesso a Informação Pública (Lei 12.527/2011), de 18 de novembro
                de 2011},
        howpublished = {\url{http://www.presidencia.gov.br/ccivil_03/_Ato2011-2014/2011/Lei/L12527.htm}},
        owner = {fatore},
        timestamp = {2012.04.10}
}

@BOOK{Caldarelli2007complexnet,
        title = {Large Scale Structure and Dynamics of Complex Networks: From Information
                Technology to Finance and Natural Science},
        publisher = {World Scientific Publishing Co., Inc.},
        year = {2007},
        author = {Caldarelli, Guido and Vespignani, Alessandro},
        address = {River Edge, NJ, USA},
        isbn = {9789812706645, 981270664X},
        owner = {fatore},
        timestamp = {2012.04.23}
}

@BOOK{Card1999,
        title = {Readings in Information Visualization: Using Vision to Think},
        publisher = {Morgan Kaufmann Publishers Inc.},
        year = {1999},
        author = {S. K. Card and J. D. MacKinlay and B. Shneiderman and M. Card},
        address = {San Francisco - CA, USA},
        isbn = {1--55860--533--9},
        owner = {tacito},
        timestamp = {2009.02.02}
}

@ARTICLE{Carneiro2008,
        author = {Carneiro, Leandro Piquet and Almeida, Maria Hermínia Tavares},
        title = {Definindo a Arena Política Local: Sistemas Partidários Municipais
                na Federação Brasileira},
        journal = {Revista de Ciências Sociais},
        year = {2008},
        volume = {51},
        pages = {403 -- 432},
        number = {2},
        owner = {tacito},
        timestamp = {2011.06.20}
}

@ARTICLE{fruchterman1991graph,
        author = {T. M. J. Fruchterman and E. M. Reingold},
        title = {Graph Drawing by Force-directed Placement},
        journal = {Software - Practice and Experience},
        year = {1991},
        volume = {21},
        pages = {1129-1164},
        number = {11},
        owner = {fatore},
        timestamp = {2012.04.23},
        url = {citeseer.ist.psu.edu/fruchterman91graph.html}
}

@ARTICLE{Gormley2008,
        author = {Isobel Claire Gormley and Thomas Brendan Murphy},
        title = {A mixture of experts model for rank data with applications in election
                studies},
        journal = {Annals of Applied Statistics},
        year = {2008},
        volume = {2},
        pages = {1452--1477},
        doi = {10.1214/08-AOAS178},
        masid = {12941005},
        owner = {fatore},
        timestamp = {2012.04.12}
}

@INPROCEEDINGS{Grinstein2001,
        author = {Georges Grinstein and Marjan Trutschl and Urska Cvek},
        title = {High-dimensional Visualizations},
        booktitle = {Proceedings of 7th Data Mining Conference KDD Workshop},
        year = {2001},
        pages = {7 -- 19},
        address = {San Francisco, CA},
        owner = {tacito},
        timestamp = {2011.01.13}
}

@INPROCEEDINGS{Hoffman1997,
        author = {Hoffman, P. and Grinstein, G. and Marx, K. and Grosse, I. and Stanley,
                E.},
        title = {DNA visual and analytic data mining},
        booktitle = {Visualization '97., Proceedings},
        year = {1997},
        pages = {437 -441},
        month = {oct.},
        bdsk-url-1 = {http://dx.doi.org/10.1109/VISUAL.1997.663916},
        date-added = {2012-02-28 17:13:03 +0000},
        date-modified = {2012-02-28 17:13:19 +0000},
        doi = {10.1109/VISUAL.1997.663916},
        issn = {1},
        keywords = {AMI;DNA sequence classification;accuracy;analytic data mining;average
                mutual information;coding DNA sequences;data exploration techniques;data
                        visualization;exons;fundamental position-dependent DNA nucleotide
                        frequency values;introns;neural network classifiers;noncoding DNA
                        sequences;nonlinear combination;rule-based classifiers;visual data
                        mining;DNA;biology computing;data visualisation;deductive databases;knowledge
                        acquisition;neural nets;pattern classification;sequences;},
        owner = {fatore},
        timestamp = {2012.04.23}
}

@ARTICLE{newman2003structure,
        author = {Newman, M.E.J.},
        title = {The Structure and Function of Complex Networks},
        journal = {SIAM review},
        year = {2003},
        volume = {45},
        pages = {167--256},
        number = {2},
        doi = {10.1137/S003614450342480},
        issn = {0036-1445},
        owner = {fatore},
        publisher = {JSTOR},
        timestamp = {2012.04.23}
}

@ARTICLE{Paulovich2008,
        author = {Paulovich, F.V. and Nonato, L.G. and Minghim, R. and Levkowitz, H.},
        title = {Least Square Projection: A Fast High-Precision Multidimensional Projection
                Technique and Its Application to Document Mapping},
        journal = IEEE_J_VCG,
        year = {2008},
        volume = {14},
        pages = {564--575},
        number = {3},
        doi = {10.1109/TVCG.2007.70443},
        issn = {1077-2626},
        keywords = {document handling, geometry, least squares approximations, defined
                geometry, document mapping, high-precision multidimensional projection
                        technique, least square approximations, least square projection,
                textual documents, Data and knowledge visualization, Information
                        visualization, Multivariate visualization},
        owner = {tacito},
        timestamp = {2009.02.23}
}

@INPROCEEDINGS{Rao1994,
        author = {Rao, Ramana and Card, Stuart K.},
        title = {The table lens: merging graphical and symbolic representations in
                an interactive focus+context visualization for tabular information},
        booktitle = {Conference companion on Human factors in computing systems},
        year = {1994},
        pages = {222},
        address = {New York, NY, USA},
        publisher = {ACM},
        acmid = {260391},
        doi = {http://doi.acm.org/10.1145/259963.260391},
        isbn = {0-89791-651-4},
        location = {Boston, Massachusetts, United States},
        owner = {tacito},
        timestamp = {2010.12.28},
        url = {http://doi.acm.org/10.1145/259963.260391}
}

@ARTICLE{Tejada2003,
        author = {Tejada,, Eduardo and Minghim,, Rosane and Nonato,, Luis Gustavo},
        title = {On Improved Projection Techniques to Support Visual Exploration of
                Multidimensional Data Sets},
        journal = {Information Visualization},
        year = {2003},
        volume = {2},
        pages = {218--231},
        number = {4},
        doi = {http://dx.doi.org/10.1057/palgrave.ivs.9500054},
        issn = {1473-8716},
        owner = {tacito},
        publisher = {Palgrave Macmillan},
        timestamp = {2011.06.20}
}

@CONFERENCE{Vieira2006,
        author = {Aníbal Vieira and Victor Lobo},
        title = {Agrupamento do padrões por métodos hierárquicos e com Self-Organizing
                Maps (SOM)},
        booktitle = {XII Jornadas de Classificação e Análise de Dados -- JOCLAD},
        year = {2006},
        pages = {6 -- 8},
        address = {Lisboa, Portugal},
        month = {Abril},
        owner = {tacito},
        timestamp = {2011.06.20}
}

@BOOK{Kohonen:2001:SM,
        title = {Self-Organizing Maps},
        publisher = {Springer-Verlag New York, Inc.},
        year = {2001},
        editor = {Kohonen, T. and Schroeder, M. R. and Huang, T. S.},
        address = {Secaucus, NJ, USA},
        edition = {3rd},
        isbn = {3540679219},
        owner = {fatore},
        timestamp = {2012.04.23}
}

@article{EditDist,
        author = {Levenshtein, Vladimir I.},
        journal = {Soviet Physics Doklady},
        keywords = {thesis},
        number = {8},
        pages = {707--710},
        posted-at = {2005-09-03 11:43:42},
        priority = {2},
        title = {{Binary codes capable of correcting deletions, insertions, and reversals}},
        volume = {10},
        year = {1966}
}

@article{Navarro2001,
        author = {Navarro, Gonzalo},
        doi = {10.1145/375360.375365},
        issn = {03600300},
        journal = {ACM Computing Surveys},
        month = mar,
        number = {1},
        pages = {31--88},
        title = {{A guided tour to approximate string matching}},
        url = {http://dl.acm.org/citation.cfm?id=375365 http://portal.acm.org/citation.cfm?doid=375360.375365},
        volume = {33},
        year = {2001}
}

@article{Peng2005,
        author = {Peng, Hanchuan and Long, Fuhui and Ding, Chris},
        doi = {10.1109/TPAMI.2005.159},
        issn = {0162-8828},
        journal = {IEEE transactions on pattern analysis and machine intelligence},
        month = aug,
        number = {8},
        pages = {1226--38},
        pmid = {16119262},
        title = {{Feature selection based on mutual information: criteria of max-dependency, max-relevance, and min-redundancy.}},
        url = {http://www.ncbi.nlm.nih.gov/pubmed/16119262},
        volume = {27},
        year = {2005}
}

@article{Darbellay1999,
        author = {Darbellay, G.A. and Vajda, I.},
        doi = {10.1109/18.761290},
        issn = {00189448},
        journal = {IEEE Transactions on Information Theory},
        month = may,
        number = {4},
        pages = {1315--1321},
        title = {{Estimation of the information by an adaptive partitioning of the observation space}},
        url = {http://ieeexplore.ieee.org/lpdocs/epic03/wrapper.htm?arnumber=761290},
        volume = {45},
        year = {1999}
}

@article{Kraskov2004,
        author = {Kraskov, Alexander and St\"{o}gbauer, Harald and Grassberger, Peter},
        doi = {10.1103/PhysRevE.69.066138},
        file = {:home/fatore/Dropbox/papers/PhysRevE.69.066138.pdf:pdf},
        issn = {1539-3755},
        journal = {Physical Review E},
        month = jun,
        number = {6},
        pages = {1--16},
        title = {{Estimating mutual information}},
        url = {http://link.aps.org/doi/10.1103/PhysRevE.69.066138},
        volume = {69},
        year = {2004}
}

@article{Li1990,
        author = {Li, Wentian},
        doi = {10.1007/BF01025996},
        file = {:home/fatore/Dropbox/papers/jsp90-reconstructed.pdf:pdf},
        issn = {0022-4715},
        journal = {Journal of Statistical Physics},
        keywords = {correlation functions,linear and general dependence,mutual information function,symbolic noise},
        month = sep,
        number = {5-6},
        pages = {823--837},
        title = {{Mutual information functions versus correlation functions}},
        url = {http://www.springerlink.com/index/10.1007/BF01025996},
        volume = {60},
        year = {1990}
}

@article{Shannon2001,
        author = {Shannon, CE},
        file = {:home/fatore/Dropbox/papers/shannon1948.pdf:pdf},
        journal = {ACM SIGMOBILE Mobile Computing and \ldots},
        number = {July 1928},
        pages = {379--423},
        title = {{A mathematical theory of communication}},
        url = {http://dl.acm.org/citation.cfm?id=584093},
        volume = {27},
        year = {2001}
}

@article{Tejada2003a,
        author = {Tejada, Eduardo and Minghim, Rosane and {Gustavo Nonato}, Luis},
        doi = {10.1057/palgrave.ivs.9500054},
        issn = {14738716},
        journal = {Information Visualization},
        number = {4},
        pages = {218--231},
        publisher = {Palgrave Macmillan},
        title = {{On improved projection techniques to support visual exploration of multi-dimensional data sets}},
        url = {http://ivi.sagepub.com/lookup/doi/10.1057/palgrave.ivs.9500054},
        volume = {2},
        year = {2003}
}

@article{Engel,
        author = {Engel, Daniel and H\"{u}ttenberger, Lars and Hamann, Bernd},
        journal = {graphics.idav.ucdavis.edu},
        keywords = {and phrases high-dimensional,dimension reduction,manifold learn-,multivariate data},
        pages = {1--16},
        title = {{A Survey of Dimension Reduction Methods for High-dimensional Data Analysis and Visualization}},
        url = {http://graphics.idav.ucdavis.edu/~hamann/EngelHuettenbergerHamannIRTG2011AnnualMeetingProceedingsPaperRevision2\_05212012.pdf},
        volume = {i}
}

@article{Lambert2010,
        author = {Lambert, a. and Bourqui, R. and Auber, D.},
        doi = {10.1111/j.1467-8659.2009.01700.x},
        file = {:home/fatore/Downloads/Winding\_Roads\_Eurovis2010.pdf:pdf},
        issn = {01677055},
        journal = {Computer Graphics Forum},
        month = aug,
        number = {3},
        pages = {853--862},
        title = {{Winding Roads: Routing edges into bundles}},
        url = {http://doi.wiley.com/10.1111/j.1467-8659.2009.01700.x},
        volume = {29},
        year = {2010}
}
@article{Archambault2008,
        author = {Archambault, Daniel and Munzner, Tamara and Auber, David},
        doi = {10.1109/TVCG.2008.34},
        issn = {1077-2626},
        journal = {IEEE transactions on visualization and computer graphics},
        keywords = {Algorithms,Computer Graphics,Motion,Numerical Analysis, Computer-Assisted,User-Computer Interface},
        number = {4},
        pages = {900--13},
        pmid = {18467763},
        title = {{GrouseFlocks: steerable exploration of graph hierarchy space.}},
        url = {http://www.ncbi.nlm.nih.gov/pubmed/18467763},
        volume = {14},
        year = {2008}
}
@article{Abello2006,
        author = {Abello, James and van Ham, Frank and Krishnan, Neeraj},
        doi = {10.1109/TVCG.2006.120},
        issn = {1077-2626},
        journal = {IEEE transactions on visualization and computer graphics},
        number = {5},
        pages = {669--76},
        pmid = {17080786},
        title = {{ASK-GraphView: A large scale graph visualization system.}},
        url = {http://www.ncbi.nlm.nih.gov/pubmed/17080786},
        volume = {12},
        year = {2006}
}

@article{Hurter2012,
        author = {Hurter, C. and Ersoy, O. and Telea, a.},
        doi = {10.1111/j.1467-8659.2012.03079.x},
        issn = {01677055},
        journal = {Computer Graphics Forum},
        keywords = {edge bundles,graph layouts,image-based information visualization},
        month = jun,
        number = {3pt1},
        pages = {865--874},
        title = {{Graph Bundling by Kernel Density Estimation}},
        url = {http://doi.wiley.com/10.1111/j.1467-8659.2012.03079.x},
        volume = {31},
        year = {2012}
}
@article{Selassie2011,
        author = {Selassie, David and Heller, Brandon and Heer, Jeffrey},
        doi = {10.1109/TVCG.2011.190},
        issn = {1941-0506},
        journal = {IEEE transactions on visualization and computer graphics},
        month = dec,
        number = {12},
        pages = {2354--63},
        pmid = {22034356},
        title = {{Divided edge bundling for directional network data.}},
        url = {http://www.ncbi.nlm.nih.gov/pubmed/22034356},
        volume = {17},
        year = {2011}
}
@article{Ersoy2011,
        author = {Ersoy, Ozan and Hurter, Christophe and Paulovich, Fernando V and Cantareiro, Gabriel and Telea, Alexandru},
        doi = {10.1109/TVCG.2011.233},
        issn = {1941-0506},
        journal = {IEEE transactions on visualization and computer graphics},
        month = dec,
        number = {12},
        pages = {2364--73},
        pmid = {22034357},
        title = {{Skeleton-based edge bundling for graph visualization.}},
        url = {http://www.ncbi.nlm.nih.gov/pubmed/22034357},
        volume = {17},
        year = {2011}
}
@article{Luo2012,
        author = {Luo, Sheng-Jie and Liu, Chun-Liang and Chen, Bing-Yu and Ma, Kwan-Liu},
        doi = {10.1109/TVCG.2011.104},
        issn = {1941-0506},
        journal = {IEEE transactions on visualization and computer graphics},
        month = may,
        number = {5},
        pages = {810--21},
        pmid = {22442129},
        title = {{Ambiguity-free edge-bundling for interactive graph visualization.}},
        url = {http://ieeexplore.ieee.org/xpls/abs\_all.jsp?arnumber=5887331 http://www.ncbi.nlm.nih.gov/pubmed/22442129},
        volume = {18},
        year = {2012}
}

@book{Tollis1998,
        abstract = {This book is designed to describe fundamental algorithmic techniques for constructing drawings of graphs. Suitable as a book or reference manual, its chapters offer an accurate, accessible reflection of the rapidly expanding field of graph drawing.},
        author = {Tollis, Ioannis G and {Di Battista}, Giuseppe and Eades, Peter and Tamassia, Roberto},
        howpublished = {Paperback},
        isbn = {0133016153},
        keywords = { graph-theory, text-book,graph-drawing},
        month = jul,
        publisher = {Prentice Hall},
        title = {{Graph Drawing: Algorithms for the Visualization of Graphs}},
        url = {http://www.amazon.com/exec/obidos/redirect?tag=citeulike07-20\&path=ASIN/0133016153},
        year = {1998}
}

